@misc{WSA, 
    title = {Web Services Architecture},
    author= {W3C Working Group}, 
    month = February,
    year = {2004},
    howpublished={\url{http://www.w3.org/TR/ws-arch/}}
}

@misc{box2000simple,
    title={Simple object access protocol (SOAP) 1.1},
    author={Box, Don and Ehnebuske, David and Kakivaya, Gopal and Layman, Andrew and Mendelsohn, Noah and Nielsen,
	Henrik Frystyk and Thatte, Satish and Winer, Dave},
    year={2000}
}

@misc{christensen2001web,
    title={Web services description language (WSDL) 1.1},
    author={Christensen, Erik and Curbera, Francisco and Meredith, Greg and Weerawarana, Sanjiva and others},
    year={2001}
}

@article{part20012,
    title={2: Datatypes},
    author={Part, XML Schema},
    journal={W3C Recommendation},
    volume={2},
    year={2001},
    publisher={http:â¥ www. w3. org/TR/2001/REC-xmlschema-2}
}

@article{mitra2003soap,
    title={Soap version 1.2 part 0: Primer},
    author={Mitra, Nilo and Lafon, Yves and others},
    journal={W3C recommendation},
    volume={24},
    pages={12},
    year={2003}
}

@article{chinnici2007web,
    title={Web services description language (wsdl) version 2.0 part 1: Core language},
    author={Chinnici, Roberto and Moreau, Jean-Jacques and Ryman, Arthur and Weerawarana, Sanjiva},
    journal={W3C recommendation},
    volume={26},
    pages={19},
    year={2007}
}

@article{bray1998extensible,
      title={Extensible markup language (XML)},
      author={Bray, Tim and Paoli, Jean and Sperberg-McQueen, C Michael and Maler, Eve and Yergeau, Fran{\c{c}}ois},
      journal={World Wide Web Consortium Recommendation REC-xml-19980210. http://www. w3.  org/TR/1998/REC-xml-19980210},
      year={1998}
}

@article{clement2004uddi,
    title={UDDI Version 3.0. 2, UDDI Spec Technical Committee Draft},
    author={Clement, Luc and Hately, Andrew and von Riegen, Claus and Rogers, Tony and others},
    journal={OASIS UDDI Spec TC},
    year={2004}
}

@article{lassila1999resource,
      title={Resource description framework (RDF) model and syntax specification},
      author={Lassila, Ora and Swick, Ralph R},
      year={1999}
}

@article{brickley2000resource,
    title={Resource Description Framework (RDF) Schema Specification 1.0: W3C Candidate Recommendation 27 March
	2000},
    author={Brickley, Dan and Guha, Ramanathan V},
    year={2000}
}

@inproceedings{papazoglou2003service,
      title={Service-oriented computing: Concepts, characteristics and directions},
      author={Papazoglou, Mike P},
      booktitle={Web Information Systems Engineering, 2003. WISE 2003. Proceedings of the Fourth International
      Conference on},
      pages={3--12},
      year={2003},
      organization={IEEE}
}

@article{papazoglou2007service,
      title={Service oriented architectures: approaches, technologies and research issues},
      author={Papazoglou, Mike P and Van Den Heuvel, Willem-Jan},
      journal={The VLDB journal},
      volume={16},
      number={3},
      pages={389--415},
      year={2007},
      publisher={Springer}
}

@inproceedings{curbera2001web,
      title={Web services: Why and how},
      author={Curbera, Francisco and Nagy, William and Weerawarana, Sanjiva},
      booktitle={OOPSLA 2001 Workshop on Object-Oriented Web Services},
      year={2001}
}

@inproceedings{sivashanmugam2003adding,
      title={Adding Semantics to Web Services Standards.},
      author={Sivashanmugam, Kaarthik and Verma, Kunal and Sheth, Amit P and Miller, John A},
      booktitle={ICWS},
      pages={395--401},
      year={2003}
}

@article{decker2000semantic,
      title={The semantic web: The roles of XML and RDF},
      author={Decker, Stefan and Melnik, Sergey and Van Harmelen, Frank and Fensel, Dieter and Klein, Michel and
       		Broekstra, Jeen and Erdmann, Michael and Horrocks, Ian},
      journal={Internet Computing, IEEE},
      volume={4},
      number={5},
      pages={63--73},
      year={2000},
      publisher={IEEE}
}

@article{mcilraith2003bringing,
  title={Bringing semantics to web services},
  author={McIlraith, Sheila A and Martin, David L},
  journal={Intelligent Systems, IEEE},
  volume={18},
  number={1},
  pages={90--93},
  year={2003},
  publisher={IEEE}
}

@article{uschold1996ontologies,
  title={Ontologies: Principles, methods and applications},
  author={Uschold, Mike and Gruninger, Michael},
  journal={The knowledge engineering review},
  volume={11},
  number={02},
  pages={93--136},
  year={1996},
  publisher={Cambridge Univ Press}
}

@article{mcguinness2004owl,
  title={OWL web ontology language overview},
  author={McGuinness, Deborah L and Van Harmelen, Frank and others},
  journal={W3C recommendation},
  volume={10},
  number={2004-03},
  pages={10},
  year={2004}
}

@article{vargas2009challenges,
    title={Challenges on semantic web services},
    author={Vargas-Vera, Maria and Nagy, Miklos and Zyskowski, Dominik and Haniewicz, 
	Konstanty and Abramowicz, Witold and Kaczmarek, Monika},
    journal={Handbook of Research on Social Dimensions of Semantic Technologies and Web Services},
    volume={1},
    pages={25--48},
    year={2009},
    publisher={IGI Global Snippet}
}

@article{mcilraith2001semantic,
  title={Semantic web services},
  author={McIlraith, Sheila A and Son, Tran Cao and Zeng, Honglei},
  journal={IEEE intelligent systems},
  volume={16},
  number={2},
  pages={46--53},
  year={2001},
  publisher={IEEE Computer Society}
}

@article{fremantle2002enterprise,
    title={Enterprise services},
    author={Fremantle, Paul and Weerawarana, Sanjiva and Khalaf, Rania},
    journal={Communications of the ACM},
    volume={45},
    number={10},
    pages={77--82},
    year={2002}
}

@article{kreger2001web,
    title={Web services conceptual architecture (WSCA 1.0)},
    author={Kreger, Heather and others},
    journal={IBM Software Group},
    volume={5},
    pages={6--7},
    year={2001}
}

@article{huhns2005service,
    title={Service-oriented computing: Key concepts and principles},
    author={Huhns, Michael N and Singh, Munindar P},
    journal={Internet Computing, IEEE},
    volume={9},
    number={1},
    pages={75--81},
    year={2005},
    publisher={IEEE}
}

@article{curbera2002unraveling,
    title={Unraveling the web services web},
    author={Curbera, Francisco and Duftler, Matthew and Khalaf, Rania and Nagy, William and Mukhi, Nirmal and
	Weerawarana, Sanjiva and others},
    journal={IEEE Internet computing},
    volume={6},
    number={2},
    pages={86--93},
    year={2002}
}

@article{gottschalk2002introduction,
    title={Introduction to Web services architecture},
    author={Gottschalk, Karl and Graham, Stephen and Kreger, Heather and Snell, James},
    journal={IBM Systems journal},
    volume={41},
    number={2},
    pages={170--177},
    year={2002}
}

@phdthesis{medjahed2004thesis, 
    title={Semantic Web Enabled Composition of Web Services},
    author={Medjahed, Brahim},
    year={2004},
    school={Virginia Polytechnic Institute and State University}
}

@phdthesis{elie2010, 
    title={Composition dynamique de services : application à la conception et au développement de systèmes d’information dans un environnement distribué},
    author={Elie, ABI LAHOUD},
    year={2010},
    school={Université de Bourgogne }
}

@article{baryannis2010,
    title={Automated Web Service Composition: State of the Art and Research Challenges},
    author={Baryannis, George and Plexousakis, Dimitris},
    journal={ICS-FORTH, Tech. Rep},
    volume={409},
    month={october},
    year={2010}
}

@article{bartalos2011effective,
    title={Effective automatic dynamic semantic web service composition},
    author={Bartalos, Peter},
    journal={Inf. Sci. and Technol. Bulletin ACM Slovakia},
    volume={3},
    number={1},
    pages={12--14},
    year={2011}
}

@article{battle2005semantic,
    title={Semantic web services framework (SWSF) overview},
    author={Battle, Steve and Bernstein, Abraham and Boley, Harold and Grosof, Benjamin and Gruninger, Michael and
	Hull, Richard and Kifer, Michael and Martin, David and McIlraith, Sheila and McGuinness, Deborah and
	    others},
    journal={W3C Member Submission},
    volume={9},
    year={2005}
}

@article{de2006web,
    title={Web service modeling ontology (wsmo)},
    author={De Bruijn, Jos and Bussler, Christoph and Domingue, John and Fensel, Dieter and Hepp, Martin and Kifer,
	M and K{\"o}nig-Ries, B and Kopecky, J and Lara, R and Oren, E and others},
	journal={Interface},
	volume={5},
	pages={1},
	year={2006}
}

@article{martin2004owl,
    title={OWL-S: Semantic markup for web services},
    author={Martin, David and Burstein, Mark and Hobbs, Jerry and Lassila, Ora and McDermott, Drew and McIlraith,
	Sheila and Narayanan, Srini and Paolucci, Massimo and Parsia, Bijan and Payne, Terry and others},
    journal={W3C member submission},
    volume={22},
    pages={2007--04},
    year={2004}
}

@article{akkiraju2005web,
    title={Web service semantics-wsdl-s},
    author={Akkiraju, Rama and Farrell, Joel and Miller, John A and Nagarajan, Meenakshi and Sheth, Amit and Verma,
	Kunal},
    year={2005}
}

@article{kopecky2007sawsdl,
    title={Sawsdl: Semantic annotations for wsdl and xml schema},
    author={Kopecky, Jacek and Vitvar, Tomas and Bournez, Carine and Farrell, Joel},
    journal={Internet Computing, IEEE},
    volume={11},
    number={6},
    pages={60--67},
    year={2007},
    publisher={IEEE}
}

@phdthesis{lopez2008selection,
    title={S{\'e}lection et composition de services Web pour la g{\'e}n{\'e}ration d'applications adapt{\'e}es au
	contexte d'utilisation},
    author={Lopez-Velasco, C{\'e}line},
    year={2008},
    school={Universit{\'e} Joseph-Fourier-Grenoble I}
}

@article{fensel2002web,
    title={The web service modeling framework WSMF},
    author={Fensel, Dieter and Bussler, Christoph},
    journal={Electronic Commerce Research and Applications},
    volume={1},
    number={2},
    pages={113--137},
    year={2002},
    publisher={Elsevier}
}

@article{berners2001semantic,
    title={The semantic web},
    author={Berners-Lee, Tim and Hendler, James and Lassila, Ora and others},
    journal={Scientific american},
    volume={284},
    number={5},
    pages={28--37},
    year={2001},
    publisher={New York, NY, USA:}
}

@article{gruber1993translation,
    title={A translation approach to portable ontology specifications},
    author={Gruber, Thomas R},
    journal={Knowledge acquisition},
    volume={5},
    number={2},
    pages={199--220},
    year={1993},
    publisher={Elsevier}
}

@article{fensel2001oil,
    title={OIL: An ontology infrastructure for the semantic web},
    author={Fensel, Dieter and Van Harmelen, Frank and Horrocks, Ian and McGuinness, Deborah L and Patel-Schneider,
	Peter F},
    journal={Intelligent Systems, IEEE},
    volume={16},
    number={2},
    pages={38--45},
    year={2001},
    publisher={IEEE}
}

@article{horrocks2002daml+oil,
    title={DAML+OIL: a Description Logic for the Semantic Web},
    author={Horrocks, Ian and others},
    journal={IEEE Data Eng. Bull.},
    volume={25},
    number={1},
    pages={4--9},
    year={2002}
}

@article{bertails2010web,
    title={Le Web s{\'e}mantique},
    author={Bertails, Alexandre and Herman, Ivan and Hawke, Sandro},
    journal={R{\'e}alit{\'e}s industrielles},
    number={4},
    pages={84--89},
    year={2010},
    publisher={Eska}
}

@inproceedings{mcguinness2003daml,
    title={DAML-ONT: An Ontology Language for the Semantic Web.},
    author={McGuinness, Deborah L and Fikes, Richard and Stein, Lynn Andrea and Hendler, James A},
    booktitle={Spinning the Semantic Web},
    pages={65--93},
    year={2003}
}

@inproceedings{patil2004meteor,
    title={Meteor-s web service annotation framework},
    author={Patil, Abhijit A and Oundhakar, Swapna A and Sheth, Amit P and Verma, Kunal},
    booktitle={Proceedings of the 13th international conference on World Wide Web},
    pages={553--562},
    year={2004},
    organization={ACM}
}
